<record><leader>00000cas a2200000 a 4500</leader><controlfield tag="001">42340352</controlfield><controlfield tag="007">hd afb---bucu</controlfield><controlfield tag="008">821118d18911895waudn nea     0   a0eng c</controlfield><datafield ind1=" " ind2=" " tag="010"><subfield code="a">  2006252463</subfield></datafield><datafield ind1=" " ind2=" " tag="040"><subfield code="a">Wa</subfield><subfield code="b">eng</subfield><subfield code="c">WRJ</subfield><subfield code="d">OCL</subfield><subfield code="d">WAU</subfield><subfield code="d">OCLCQ</subfield><subfield code="d">OCLCF</subfield><subfield code="d">OCLCO</subfield></datafield><datafield ind1=" " ind2=" " tag="019"><subfield code="a">31227741</subfield></datafield><datafield ind1="1" ind2=" " tag="029"><subfield code="a">AU@</subfield><subfield code="b">000040326687</subfield></datafield><datafield ind1=" " ind2=" " tag="042"><subfield code="a">pcc</subfield></datafield><datafield ind1=" " ind2=" " tag="043"><subfield code="a">n-us-wa</subfield></datafield><datafield ind1="0" ind2=" " tag="082"><subfield code="a">071.9777</subfield><subfield code="2">19</subfield></datafield><datafield ind1="0" ind2="4" tag="245"><subfield code="a">The Seattle press-times</subfield><subfield code="h">[microform].</subfield></datafield><datafield ind1="1" ind2="3" tag="246"><subfield code="a">Press-times</subfield><subfield code="f">Aug. 25, 1894-1895</subfield></datafield><datafield ind1=" " ind2=" " tag="260"><subfield code="a">Seattle, Wash. :</subfield><subfield code="b">Press-Times Pub. Co.,</subfield><subfield code="c">1891-1895.</subfield></datafield><datafield ind1=" " ind2=" " tag="300"><subfield code="a">8 v. :</subfield><subfield code="b">ill.</subfield></datafield><datafield ind1=" " ind2=" " tag="310"><subfield code="a">Daily (except Sundays)</subfield></datafield><datafield ind1="0" ind2=" " tag="362"><subfield code="a">Vol. 18, no. 181 (Feb. 10, 1891)-v. 25, no. 265 (May 10, 1895).</subfield></datafield><datafield ind1=" " ind2=" " tag="580"><subfield code="a">Merger of: Seattle press, and: Seattle times (Seattle, Wash. : 1889).</subfield></datafield><datafield ind1=" " ind2=" " tag="533"><subfield code="a">Microfilm.</subfield><subfield code="b">Olympia, Wash. :</subfield><subfield code="c">Washington State Library ;</subfield><subfield code="b">Cleveland, Ohio :</subfield><subfield code="c">Bell &amp; Howell, Micro Photo Division [distributor],</subfield><subfield code="d">1955.</subfield><subfield code="e">18 microfilm reels ; 35 mm.</subfield><subfield code="n">Filmed with other titles.</subfield></datafield><datafield ind1=" " ind2="0" tag="651"><subfield code="a">Seattle (Wash.)</subfield><subfield code="v">Periodicals.</subfield></datafield><datafield ind1=" " ind2="7" tag="655"><subfield code="a">Periodicals.</subfield><subfield code="2">fast</subfield><subfield code="0">(OCoLC)fst01411641</subfield></datafield><datafield ind1=" " ind2="7" tag="651"><subfield code="a">Washington (State)</subfield><subfield code="z">Seattle.</subfield><subfield code="2">fast</subfield><subfield code="0">(OCoLC)fst01204940</subfield></datafield><datafield ind1=" " ind2=" " tag="752"><subfield code="a">United States</subfield><subfield code="b">Washington</subfield><subfield code="c">King</subfield><subfield code="d">Seattle.</subfield></datafield><datafield ind1="1" ind2=" " tag="776"><subfield code="c">Original</subfield><subfield code="w">(DLC)sn 87093366</subfield><subfield code="w">(OCoLC)42340352</subfield></datafield><datafield ind1="1" ind2="4" tag="780"><subfield code="t">Seattle press</subfield><subfield code="w">(OCoLC)42339134</subfield></datafield><datafield ind1="1" ind2="4" tag="780"><subfield code="t">Seattle times (Seattle, Wash. : 1889)</subfield><subfield code="w">(DLC)  2006252462</subfield><subfield code="w">(OCoLC)42341917</subfield></datafield><datafield ind1="0" ind2="0" tag="785"><subfield code="t">Seattle times (Seattle, Wash. : 1895)</subfield><subfield code="w">(DLC)  2006252467</subfield><subfield code="w">(OCoLC)69375219</subfield></datafield></record>